Add BibTeX references here

@book{knuth1997art,
  title={The art of computer programming},
  author={Knuth, Donald},
  volume={3},
  year={1997},
  publisher={Pearson Education}
}

@article{dean2008mapreduce,
  title={MapReduce: simplified data processing on large clusters},
  author={Dean, Jeffrey and Ghemawat, Sanjay},
  journal={Communications of the ACM},
  volume={51},
  number={1},
  pages={107--113},
  year={2008},
  publisher={ACM New York, NY, USA}
}

@article{cav2023Inc,
  title={Incremental Dead State Detection in Logarithmic Time},
  author={Caleb Stanford and Margus Veanes},
  Conference={International Conference on Computer Aided Verification},
  year={2023}
}

@article{ppopp2018pam,
  author          = {Yihan Sun,  Daniel Ferizovic, and Guy E. Belloch},
  journal         = {Symposium on Principles and Practice of Parallel Programming},
  number          = {},
  title           = {PAM: Parallel Augmented Maps},
  volume          = {},
  year            = {2018}
}